@article{Constant1999,
	title = {Optimizing High Harmonic Generation in Absorbing Gases: Model and Experiment},
	author = {Constant, E. and Garzella, D. and Breger, P. and M\'evel, E. and Dorrer, Ch. and Le Blanc, C. and Salin, F. and Agostini, P.},
	journal = {Phys. Rev. Lett.},
	volume = {82},
	issue = {8},
	pages = {1668--1671},
	numpages = {0},
	year = {1999},
	month = {Feb},
	publisher = {American Physical Society},
	doi = {10.1103/PhysRevLett.82.1668},
	url = {https://link.aps.org/doi/10.1103/PhysRevLett.82.1668}
}

